@Book{OARB24,
  editor =     {Bronis R. de Supinski and Michael Klemm},
  title =      {{OpenMP Application Programming Interface Specification Version 6.0}},
  publisher =  {OpenMP Architecture Review Board},
  year =     {2024},
  month =    {11},
}

@Book{OARB21,
  editor =     {Bronis R. de Supinski and Michael Klemm},
  title =      {{OpenMP Application Programming Interface Specification Version 5.2}},
  publisher =  {OpenMP Architecture Review Board},
  year =     {2021},
  month =    {11},
}

@techreport{F2018,
    type = {Standard},
    note = {{ISO 1539-1:2018(E)}},
    month = {11},
    year = {2018},
    title = {{Programming languages -- Fortran -- Part 1: Base Language}},
    address = {Geneva, CH},
    institution = {{International Organization for Standardization}}
}

@misc{AMD24,
  author = {Justin Chang and Brian Cornille and Michael Klemm and Johanna Potyka},
  title =  {{Introducing AMD's Next-Gen Fortran Compiler}},
  month = {11},
  year = {2024},
  note = {\url{https://rocm.blogs.amd.com/ecosystems-and-partners/fortran-journey/README.html}},
}

@misc{Lara17,
    author = {Michael Larabel},
    title = {{FLANG: NVIDIA Brings Fortran to LLVM}},
    month = {05},
    year = {2017},
    url = {https://www.phoronix.com/news/LLVM-NVIDIA-Fortran-Flang},
}

@misc{Pric17,
    author = {James Price},
    title = {{ [llvm–dev] LLVM Fortran front–end}},
    month = {05},
    year = {2017},
    note = {\url{https://lists.llvm.org/pipermail/llvm-dev/2017-May/113131.html}},
}

@misc{LLVM25,
    author = {{LLVM Project}},
    title = {{The Flang Compiler - Welcome to Flang’s documentation}},
    month = {05},
    year = {2025},
    url = {https://flang.llvm.org/docs/},
}


@misc{Top500,
  title = {{Top500 - November 2024 List}},
  howpublished = {\url{https://top500.org/lists/top500/2024/11/}},
  note = {Accessed: 2025-05-16},
  year = {2024}
}

@misc{Flang-Nvidia-NNSA,
  title = {{NNSA, national labs team with Nvidia to develop open-source Fortran compiler technology}},
  howpublished = {\url{https://www.llnl.gov/article/41756/nnsa-national-\\labs-team-nvidia-develop-open-source-fortran-compiler-technology}},
  note = {Accessed: 2025-05-16},
  year = {2015}
}

@article{kokkos,
  author={Trott, Christian R. and Lebrun-Grandié, Damien and Arndt, Daniel and Ciesko, Jan and Dang, Vinh and Ellingwood, Nathan and Gayatri, Rahulkumar and Harvey, Evan and Hollman, Daisy S. and Ibanez, Dan and Liber, Nevin and Madsen, Jonathan and Miles, Jeff and Poliakoff, David and Powell, Amy and Rajamanickam, Sivasankaran and Simberg, Mikael and Sunderland, Dan and Turcksin, Bruno and Wilke, Jeremiah},
  journal={IEEE Transactions on Parallel and Distributed Systems},
  title={Kokkos 3: Programming Model Extensions for the Exascale Era},
  year={2022},
  volume={33},
  number={4},
  pages={805-817},
  doi={10.1109/TPDS.2021.3097283}}

@INPROCEEDINGS{raja,
  author={Beckingsale, David A. and Burmark, Jason and Hornung, Rich and Jones, Holger and Killian, William and Kunen, Adam J. and Pearce, Olga and Robinson, Peter and Ryujin, Brian S. and Scogland, Thomas RW},
  booktitle={2019 IEEE/ACM International Workshop on Performance, Portability and Productivity in HPC (P3HPC)}, 
  title={RAJA: Portable Performance for Large-Scale Scientific Applications}, 
  year={2019},
  volume={},
  number={},
  pages={71-81},
  keywords={C++ languages;Graphics processing units;Programming;Production;Computer architecture;Kernel;Libraries},
  doi={10.1109/P3HPC49587.2019.00012}}

@inproceedings{alpaka,
  author    = {Erik Zenker and Benjamin Worpitz and Ren{\'{e}} Widera
               and Axel Huebl and Guido Juckeland and
               Andreas Kn{\"{u}}pfer and Wolfgang E. Nagel and Michael Bussmann},
  title     = {Alpaka - An Abstraction Library for Parallel Kernel Acceleration},
  archivePrefix = "arXiv",
  eprint    = {1602.08477},
  keywords  = {Computer science;CUDA;Mathematical Software;nVidia;OpenMP;Package;
               performance portability;Portability;Tesla K20;Tesla K80},
  day       = {23},
  month     = {05},
  year      = {2016},
  publisher = {IEEE Computer Society},
  url       = {http://arxiv.org/abs/1602.08477},
}

@Book{OACC3.3,
  editor =     {OpenACC-Standard.org},
  title =      {{The OpenACC Applications Programming Interface Version 3.3}},
  publisher =  {OpenACC-Standard.org},
  year =     {2022},
  month =    {11},
}

@Book{SYCL2025,
  editor =     {The Khronos SYCL Working Group},
  title =      {{SYCL 2020 Specification (revision 10)}},
  publisher =  {The Khronos Group Inc.},
  year =     {2025},
  month =    {04},
}

@techreport{StdPar2018,
author={ISO},
type = {Standard},
key = {ISO/IEC TS 19570:2018},
month = {11},
year = {2018},
title = {{Programming Languages — Technical Specification for C++ Extensions for Parallelism}},
address = {Geneva, CH},
institution = {International Organization for Standardization}
}

@techreport{F2023,
author={ISO},
type = {Standard},
key = {ISO/IEC 1539-1:2023},
month = {11},
year = {2023},
title = {{Programming languages — Fortran}},
address = {Geneva, CH},
institution = {International Organization for Standardization}
}

@misc{cuda,
  author={NVIDIA and Vingelmann, Péter and Fitzek, Frank H.P.},
  title={CUDA},
  year={2025},
  url={https://developer.nvidia.com/cuda-toolkit},
}

@inproceedings{antao2016offloading,
  title={Offloading support for OpenMP in Clang and LLVM},
  author={Antao, Samuel F and Bataev, Alexey and Jacob, Arpith C and Bercea, Gheorghe-Teodor and Eichenberger, Alexandre E and Rokos, Georgios and Martineau, Matt and Jin, Tian and Ozen, Guray and Sura, Zehra and others},
  booktitle={2016 Third Workshop on the LLVM Compiler Infrastructure in HPC (LLVM-HPC)},
  pages={1--11},
  year={2016},
  organization={IEEE}
}

@article{rouson2025automatically,
  title={{Automatically parallelizing batch inference on deep neural networks using Fiats and Fortran 2023 DO CONCURRENT}},
  author={Rouson, Damian and Bai, Zhe and Bonachea, Dan and Ergawy, Kareem and Gutmann, Ethan and Klemm, Michael and Rasmussen, Katherine and Richardson, Brad and Shende, Sameer and Torres, David and others},
  journal={Computational Aspects of Deep Learning (CADL)},
  month={06},
  year={2025},
  url={https://escholarship.org/content/qt5z08n75q/qt5z08n75q.pdf}
}